<record><leader>00000cas a22000007a 4500</leader><controlfield tag="001">11292013</controlfield><controlfield tag="008">841022c19819999wiuwr ne      0   a0eng d</controlfield><datafield ind1=" " ind2=" " tag="010"><subfield code="a">sn 84002391 </subfield></datafield><datafield ind1=" " ind2=" " tag="040"><subfield code="a">NSD</subfield><subfield code="b">eng</subfield><subfield code="c">NSD</subfield><subfield code="d">NPV</subfield><subfield code="d">OCLCQ</subfield></datafield><datafield ind1=" " ind2=" " tag="012"><subfield code="l">1</subfield><subfield code="m">1</subfield></datafield><datafield ind1="1" ind2=" " tag="022"><subfield code="a">8755-4011</subfield><subfield code="l">8755-4011</subfield><subfield code="2">1</subfield></datafield><datafield ind1=" " ind2=" " tag="032"><subfield code="a">461980</subfield><subfield code="b">USPS</subfield></datafield><datafield ind1=" " ind2=" " tag="037"><subfield code="b">Journal Co., P.O. Box 10, Berlin, WI 54923</subfield></datafield><datafield ind1=" " ind2=" " tag="042"><subfield code="a">nsdp</subfield></datafield><datafield ind1=" " ind2=" " tag="045"><subfield code="a">x8--</subfield></datafield><datafield ind1=" " ind2=" " tag="052"><subfield code="a">4123</subfield><subfield code="b">D5</subfield><subfield code="b">G8</subfield></datafield><datafield ind1="0" ind2=" " tag="130"><subfield code="a">Representative (Berlin, Wis.)</subfield></datafield><datafield ind1=" " ind2="4" tag="222"><subfield code="a">The Representative, Fox Lake, Wisconsin</subfield></datafield><datafield ind1="1" ind2="4" tag="245"><subfield code="a">The representative.</subfield></datafield><datafield ind1=" " ind2=" " tag="260"><subfield code="a">Berlin, Wis. :</subfield><subfield code="b">Journal Co.,</subfield><subfield code="c">1981-</subfield></datafield><datafield ind1=" " ind2=" " tag="300"><subfield code="a">v. :</subfield><subfield code="b">ill.</subfield></datafield><datafield ind1=" " ind2=" " tag="310"><subfield code="a">Weekly</subfield></datafield><datafield ind1="0" ind2=" " tag="362"><subfield code="a">Vol. 113, no. 39 (Sept. 24, 1981)-v. 119, no. 22 (June 2, 1983) ; 115 years old, no. 23 (June 9, 1983)-</subfield></datafield><datafield ind1=" " ind2=" " tag="500"><subfield code="a">For distribution in Fox Lake, Wis.</subfield></datafield><datafield ind1=" " ind2=" " tag="500"><subfield code="a">Editor: N. Heuer.</subfield></datafield><datafield ind1=" " ind2=" " tag="530"><subfield code="a">Available on microfilm from The State Historical Society of Wisconsin.</subfield></datafield><datafield ind1=" " ind2=" " tag="752"><subfield code="a">United States</subfield><subfield code="b">Wisconsin</subfield><subfield code="c">Green Lake</subfield><subfield code="d">Berlin.</subfield></datafield><datafield ind1=" " ind2=" " tag="752"><subfield code="a">United States</subfield><subfield code="b">Wisconsin</subfield><subfield code="c">Dodge</subfield><subfield code="d">Fox Lake.</subfield></datafield><datafield ind1="0" ind2="0" tag="780"><subfield code="t">Fox Lake representative (Fox Lake, Wis. : 1969)</subfield><subfield code="w">(DLC)sn 85040570</subfield></datafield><datafield ind1="1" ind2=" " tag="029"><subfield code="a">AU@</subfield><subfield code="b">000025840144</subfield></datafield></record>